@book{tanenbaum2003computernetworks,
  title= {{Computer Networks}},
  author={Tanenbaum, A.S.},
  number={p. 3},
  isbn={9780130661029},
  lccn={2002029263},
  series={Computer Networks},
  year={2003},
  publisher={Prentice Hall PTR}
}

@misc{wiki:aloha,
    title = {{ALOHAnet --- Wikipedia{,} The Free Encyclopedia}},
    author = {Wikipedia},
    year = {2016},
    url =  {https://en.wikipedia.org/w/index.php?title=ALOHAnet&oldid=750914349},
    note = {Online; accessed 18-February-2017}
}